

% -------------------------------------------------------------------------
% Articles
% --------------------------------------------------------------------------

@article{Mattiasson80,
 author  = {K. Mattiasson},
 title   = {Numerical Results from Large Deflection Beam and Frame Problems
            Analysed by Means of Elliptic Integrals},
 journal = "International Journal for Numerical Methods in Engineering",
 volume  = {17},
 number  = {1},
 pages   = {145-153},
 year    = {1980}
}

% --------------------------------------------------------------------------
% Books
% --------------------------------------------------------------------------

@book{Goossens94,
 author    = {M. Goossens and F. Mittelbach and A. Samarin},
 title     = {The LaTeX Companion},
 publisher = {Addison-Wesley},
 year      = {1994},
 edition   = {}
}



% --------------------------------------------------------------------------
% Incollections
% --------------------------------------------------------------------------
@incollection{Ramm81,
 author    = {E. Ramm},
 title     = {Strategies for Tracing the Nonlinear Response Near Limit
              Points},
 booktitle = {Nonlinear Finite Element Analysis in Structural Mechanics},
 editor    = {W. Wunderlich and E. Stein and K. J. Bathe},
 chapter   = {},
 pages     = {63-89},
 publisher = {Springer-Verlag},
 address   = {},
 year      = {1981}
}

% --------------------------------------------------------------------------
% Inproceedings
% --------------------------------------------------------------------------

@inproceedings{Hinton95,
 author    = {E. Hinton and J. Sienz and S. M. B. Afonso},
 title     = {Experiences with Olhoff's `Exact' Semi-analytical
              Algorithm},
 booktitle = {First World Congress of Structural and
              Multidisciplinary Optimization (WCSMO-1)},
 pages     = {41-46},
 editor    = {N. Olhoff and G. I. N. Rozvany},
 year      = {1995}
}

% --------------------------------------------------------------------------
%PhD Thesis
% --------------------------------------------------------------------------

@phdthesis{Sienz94,
 author = {J. Sienz},
 title  = {Integrated Structural Modelling, Adaptative Analysis and
           Shape Optimization},
 year   = {1994},
 school = {University of Wales/Swansea}
}

% --------------------------------------------------------------------------
% Inproceedings
% %--------------------------------------------------------------------------

%@inproceedings{amenta98,
    author = {N. Amenta and M. W. Bern},
    title = {Surface Reconstruction by Voronoi Filtering},
    booktitle = {Symposium on Computational Geometry},
    pages = {39-48},
    year = {1998}
}

% --------------------------------------------------------------------------
% Books
% --------------------------------------------------------------------------

@book{Milnor1963,
 author    = {J.W. Milnor},
 title     = {Morse Theory},
 publisher = {Princeton University Press, Princeton, NY},
 year      = {1963},
 edition   = {}
}



% --------------------------------------------------------------------------
@book{Mas67,
 author    = {W. S. Massey},
 title     = {Algebric Topology: An Introduction},
 publisher = {Spring-Verlag, Graduate texts in Mathematics 56},
 year      = {1967},
 edition   = {}
}



% --------------------------------------------------------------------------

@book{Mas91,
 author    = {W. S. Massey},
 title     = {A Basic Course in Algebric Topology},
 publisher = {Spring-Verlag, Graduate texts in Mathematics 127},
 year      = {1991},
 edition   = {}
}

%-------------------------------------------------------------------------

@book{Hamilton1969,
 author    = {W.R. Hamilton},
 title     = {Elements of Quaternions},
 publisher = {Chelsea Publishing Company},
 year      = {1969 - The original was published in 1866},
 edition   = {Third}
}


% --------------------------------------------------------------------------

@article{amenta98crust,
    author = "N. Amenta and M. Bern and D. Eppstein",
    title = "The Crust and the -Skeleton: Combinatorial Curve Reconstruction",
    journal = "Graphical models and image processing: GMIP",
    volume = "60",
    number = {2},
    pages = "125-135",
    year = "1998",
    url = "citeseer.ist.psu.edu/amenta98crust.html" }


% --------------------------------------------------------------------------
@article{amenta98new,
    author = "Nina Amenta and Marshall Bern and Manolis Kamvysselis",
    title = "A New {Voronoi}-Based Surface Reconstruction Algorithm",
    journal = "Computer Graphics",
    volume = "32",
    number = "{Annual Conference Series}",
    pages = "415-421",
    year = "1998",
    url = "citeseer.ist.psu.edu/amenta98new.html" }

% --------------------------------------------------------------------------
@article{amenta99onepass,
   author = "Nina Amenta and Sunghee Choi",
   title = "One-Pass Delaunay Filtering for Homeomorphic 3{D} Surface Reconstruction",
    number = "CS-TR-99-08",
    volume = "1",
    year = "1999",
    url = "citeseer.ist.psu.edu/amenta99onepass.html" }
% --------------------------------------------------------------------------
@article{amenta02simple,
    author = "Nina Amenta and Sunghee Choi and Tamal K. Dey and N. Leekha",
    title = "A Simple Algorithm for Homeomorphic Surface Reconstruction",
    journal = "International Journal of Computational Geometry and Applications",
    volume = "12",
    number = "1-2",
    pages = "125-141",
    year = "2002"
}
% --------------------------------------------------------------------------
@article{amenta01power,
    author = "Nina Amenta and Sunghee Choi and Ravi Krishna Kolluri",
    title = "The power crust, unions of balls, and the medial axis transform",
    journal = "Computational Geometry",
    volume = "19",
    number = "2-3",
    pages = "127-153",
    year = "2001",
    url = "citeseer.ist.psu.edu/amenta01power.html" }
% --------------------------------------------------------------------------
@article{edelsbrunner94threedimensional,
    author = "Herbert Edelsbrunner and Ernst P. M{\"{u}}cke",
    title = "Three-Dimensional Alpha Shapes",
    journal = "ACM Transactions on Graphics",
    volume = "13",
    number = "1",
    pages = "43-72",
    year = "1994"
}
% --------------------------------------------------------------------------
@article{edelsbrunner96wrapping,
    author = "Herbert Edelsbrunner ",
    title = "Surface reconstruction by wrapping finite sets in space",
    journal = "Raindrop Geomagic, Inc.",
    volume = "1",
    number = "1",
    year = "1996"
}
% --------------------------------------------------------------------------
@article{bajaj95automatic,
    author = "Chandrajit L. Bajaj and Fausto Bernardini and Guoliang Xu",
    title = "Automatic Reconstruction of Surfaces and Scalar Fields From $3$D Scans",
    journal = "Computer Graphics",
    volume = "29",
    number = "Annual Conference Series",
    pages = "109-118",
    year = "1995",
    url = "citeseer.ist.psu.edu/bajaj95automatic.html" }
% --------------------------------------------------------------------------
@inproceedings{dey99curve,
    author = "Tamal K. Dey and Kurt Mehlhorn and Edgar A. Ramos",
    title = "Curve Reconstruction: Connecting Dots with Good Reason",
    booktitle = "Symposium on Computational Geometry",
    pages = "197-206",
    year = "1999",
    url = "citeseer.ist.psu.edu/dey99curve.html" }
% --------------------------------------------------------------------------

@article
{ giesen02,
  author = "J. Giesen",
  title = "Surface Reconstruction Based on a Dynamical System",
  journal = "Computational Geometry",
  volume = "21",
  year = "2002"
 }
% --------------------------------------------------------------------------
@article{ dey01robustness,
    author = "Tamal K. Dey and Joachim Giesen and Wulue Zhao",
    title = "Robustness Issues in Surface Reconstruction",
    journal = "Lecture Notes in Computer Science",
    volume = "2073",
    pages = "658-663",
    year = "2001",
    url = "citeseer.ist.psu.edu/476178.html" }
% --------------------------------------------------------------------------
@misc{ giesen-how,
  author = "Joachim Giesen and Matthias John",
  title = "How to add facet attributes to Cgal's 3D geometric triangulations",
  year = "2002",
  url = "citeseer.ist.psu.edu/591777.html" }
% --------------------------------------------------------------------------
@misc{ cgal,
  author= "CGAL",
  title = " http://www.cgal.org (Acessado em 05/02/2004)CGAL - computational geometry algorithms library.",
  year = "2004"
 }
% --------------------------------------------------------------------------
@mastersthesis{gois2004,
  author= "João Paulo Gois",
  title = " Reconstru\c{c}\~{a}o de superf\'{i}cies a partir de nuvens de pontos. -In Portuguese",

school = " Universidade de S\~{a}o Paulo - Instituto de Ci\^encias Matem\'{a}ticas e Computa\c{c}\~{a}o.",
  year = "2004"
 }
 % --------------------------------------------------------------------------

@article{ figueiredo1995,
    author = "L. H. Figueiredo and  J. Gomes Miranda",
    title = "Computational Morphology of Curves",
    journal = "Visual Computer",
    volume = "11",
    pages = "105-112",
    year = "1995" }
% --------------------------------------------------------------------------
@article{ giesen1999,
    author = "J. Giesen ",
    title = "Curve Reconstruction in Arbitrary Dimension and the Traveling Salesman Problem.",
    journal = "Lecture Notes in Computer Science",
    volume = "1568",
    pages = "164-176",
    year = "1999" }
% --------------------------------------------------------------------------
@article{ althaus2000,
    author = " E. Althaus  and K. Mehlhorn ",
    title = "TSP-based curve reconstruction in polynomial time.",
    journal = "Symposium on Discrete Algorithms",
    volume = "2",
    pages = "686--695",
    year = "2000" }
% --------------------------------------------------------------------------
@article{ hope1992,
    author = "H. Hoppe and T. DeRose and T. Duchamp and J. McDonald  and W. Stuetzle ",
    title = "Surface reconstruction from unorganized points.",
    journal = "Computer Graphics.",
    volume = "26",
    number = {2},
    pages = "71-78",
    year = "1992"
}
% --------------------------------------------------------------------------
@article{ boissonat2002,
    author = "J. D. Boissonnat  and F. Cazals ",
    title = "Smooth surface reconstruction via natural neighbour interpolations of distance functions.",
    journal = "Computational Geometry Theory and Applications.",
    volume = "22",
    pages = "185--203",
    year = "2002"
}
% --------------------------------------------------------------------------
@article{ ada00,
    author = "U. Adamy  and J. Giesen  and M. John ",
    title = "New Techniques for Topologically Correct Surface Reconstruction.",
    journal = "Proceedings of the 11th IEEE Visualization 2000 Conference (VIS 2000).",
    year = "2000"
}
% --------------------------------------------------------------------------

@inproceedings{ curless1996,
    author = "B. Curless  and  Levoy ",
    title = "A Volumetric Method for Building Complex Models from Range Images.",
    booktitle = "In Proceedings ACM SIGRAPH96.",
    pages = "303-312",
    year = "1996"
}
% --------------------------------------------------------------------------

@article{boissonnat1984,
 author = {Jean-Daniel Boissonnat},
 title = {Geometric structures for three-dimensional shape representation.},
 journal = {ACM Trans. Graph.},
 volume = {3},
 number = {4},
 year = {1984},
 issn = {0730-0301},
 pages = {266--286},
 publisher = {ACM Press},
 }
 % --------------------------------------------------------------------------
@inproceedings{capps1998,
 author = {Marek Teichmann and Michael Capps},
 title = {Surface reconstruction with anisotropic density-scaled alpha shapes},
 booktitle = {Proceedings of the conference on Visualization '98},
 year = {1998},
 isbn = {1-58113-106-2},
 pages = {67--72},
 location = {Research Triangle Park, North Carolina, United States},
 publisher = {IEEE Computer Society Press},
 }
 % --------------------------------------------------------------------------
@inproceedings{dey03,
 author = {Tamal K. Dey and Samrat Goswami},
 title = {Tight cocone: a water-tight surface reconstructor},
 booktitle = {Proceedings of the eighth ACM symposium on Solid modeling and applications},
 year = {2003},
 isbn = {1-58113-706-0},
 pages = {127--134},
 location = {Seattle, Washington, USA},
 doi = {http://doi.acm.org/10.1145/781606.781627},
 publisher = {ACM Press},
 }
 % --------------------------------------------------------------------------
@inproceedings{levoy00digital,
    author = "Marc Levoy and Kari Pulli and Brian Curless and Szymon Rusinkiewicz and David Koller and Lucas Pereira and Matt Ginzton and Sean Anderson and James Davis and Jeremy Ginsberg and Jonathan Shade and Duane Fulk",
    title = "The Digital Michelangelo Project: 3{D} Scanning of Large Statues",
    booktitle = "Siggraph 2000, Computer Graphics Proceedings",
    publisher = "ACM Press / ACM SIGGRAPH / Addison Wesley Longman",
    editor = "Kurt Akeley",
    pages = "131--144",
    year = "2000",
    url = "citeseer.ist.psu.edu/levoy00digital.html", }
 % --------------------------------------------------------------------------
@article{ bajaj-surface,
  author = {Chandrajit L. Bajaj and Edward J. Coyle and Kwun-Nan Lin},
  title = {Surface and 3D Triangular Meshes from Planar Cross Sections},
   journal = {COMPUTER METHODS APPLYED MECHANICS ENGINEER},
   number = {179},
   year = {1999},
   pages = {266--286},
 }
   % --------------------------------------------------------------------------
@misc{ biscaro2001,
  author= "Helton Hideraldo B\'{i}scaro",
  title = " Singular Half-Face: Uma Estrutura de Dados Volum\'{e}trica.",
  howpublished=  "Disserta\c{c}\~{a}o de Mestrado, Universidade de S\~{a}o Paulo - Instituto de Ci\^encias Matem\'{a}ticas e Computa\c{c}\~{a}o.",
  year = "2001"
 }
 % --------------------------------------------------------------------------
@inproceedings{ boissonnat98,
    author = "J. D. Boissonnat",
    title = "Shape Reconstruction from Planar Cross Sections",
    booktitle = "Computer Vision, Graphics, and Image Processing",
    volume = "44",
    pages = "1--29",
    year = "1998",
 }
 % --------------------------------------------------------------------------
@article{ dibben2000,
    author = "D. C. Dibben",
    title = "3D Mesh generation using bubble meshing for microwave applicators",
    journal = "IEEE T MAGN 36:",
    volume = "4",
    pages = "1514-1518",
    year = "2000",
     }


% --------------------------------------------------------------------------


% --------------------------------------------------------------------------
@article{ Ede83,
    author = " H. Edelsdrunner and D.G. Kirkpatric ",
    title = "On the sahpe of a set of points in the plane",
    journal = "IEEE Transactions On Inforamtion Theory",
    volume = "29",
    pages = "551-559",
    year = "1983",
     }


% --------------------------------------------------------------------------

@inproceedings{ Amentapolarballs,
    author = "Nina Amenta and Ravi Krishna Kolluri",
    title = "Accurate and efficient unions of balls",
    booktitle = "Symposium on Computational Geometry",
    pages = "119-128",
    year = "2000",
    url = "citeseer.nj.nec.com/297220.html" }

@article{Amentanewvoronoi,
  author = "Nina Amenta and Marshall Bern and Manolis Kamvysselis",
    title = "A New {Voronoi}-Based Surface Reconstruction Algorithm",
    journal = "Computer Graphics",
    volume = "32",
    number = "{Annual Conference Series}",
    pages = "415--421",
    year = "1998",
    url = "citeseer.nj.nec.com/amenta98new.html" }

@ARTICLE{Amentavoronoifiltering,
  AUTHOR =       "Nina Amenta and Marsahll Bern",
  TITLE =        "Surface Reconstruction by Voronoi Filtering",
  JOURNAL =      "Discrete and Computational Geometry",
  YEAR =         "1999",
  volume =       "22",
  pages =        "481-504"
}


@INPROCEEDINGS{Amentapc,
  AUTHOR =       "Nina Amenta and Sunghee Choi and Ravi Kolluri",
  TITLE =        "The Power Crust",
  BOOKTITLE =    "6th ACM Symposium on Solid Modeling",
  YEAR =         "2001",
  series =       "249-260"
}

@ARTICLE{Amentapcunmat,
  AUTHOR =       "Nina Amenta and Sunghee Choi and Ravi Kolluri",
  TITLE =        "The Power Crust, Unions of Balls, and the Medial Axis Transform",
  JOURNAL =      "Computational Geometry: Theory and Applications",
  YEAR =         "2001",
  volume =       "19",
  number =       "2-3",
  pages =        "127-153"
}


@ARTICLE{Amentabeta,
  AUTHOR =       "Nina Amenta and M Bern and D Eppstein",
  TITLE =        "The Crust and the $\beta-$Skeleton : Combinatorial Curve Reconstruction",
  JOURNAL =    "Graphical Models and Image Processing",
  YEAR =         "1998",
  volume =       "60",
  number =       "2",
  pages =        "125-135"
}

@ARTICLE{Attali,
  AUTHOR =       "D Attali",
  TITLE =        "$r$-Regular Shape Reconstruction from Unorganized Points",
  JOURNAL =      "Computational Geometry Theory and Applications",
  YEAR =         "1998",
  volume =       "10",
  pages =        "239-249",
  note =         "Elsevier"
}



@ARTICLE{Attene,
  AUTHOR =       "M. Attene and M. Spagnuolo",
  TITLE =        "Automatic Surface Reconstruction from Point Sets in Space",
  JOURNAL =      "Computer Graphics Forum",
  YEAR =         "2000",
  volume =       "19",
  number =       "3",
  pages =        "0-0(1)"
}



@ARTICLE{Bajaj1,
  AUTHOR =       "C L Bajaj and E J Coyle and K N Lin",
  TITLE =        "Tetrahedral meshes from planar cross-sections",
  JOURNAL =      "Comput Methods Applied Mechannical  Enginnering",
  YEAR =         "1999",
  number =       "179",
  pages =        "31-52"
}

@INPROCEEDINGS{Bajaj,
  AUTHOR =       "C L Bajaj and Fausto Bernardini and G Xu",
  TITLE =        "Automatic Reconstruction of Surfaces and Scalar Fields from 3D Scans",
  BOOKTITLE =    "Computer Graphics Proceedings",
  YEAR =         "1995",
  editor =       "Annual Conference Series",
  series =       "SIGGRAPH"
}

@ARTICLE{Bardinet,
  AUTHOR =       "E Bardinet and L D Cohen and N Auache",
  TITLE =        "A Parametric Deformable Model to Fit Unstructured 3D Data",
  JOURNAL =      "Computer Vision and Image Understanding",
  YEAR =         "1998",
  volume =       "71",
  number =       "1",
  pages =        "39-54"
}

@MASTERSTHESIS{Biscaro,
  author =       {Helton Hideraldo B\'{i}scaro},
  title =        {Singular Half-Face Uma Estrutura de Dados Volum\'{e}trica},
  school = { Universidade de S\~{a}o Paulo - Instituto de Ci\^encias Matem\'{a}ticas e Computa\c{c}\~{a}o},
  year = {2001}
}



@article{biscaro07,
 author = {B\'{\i}scaro, Helton Hideraldo and Filho, Antonio Castelo and Nonato, Luis Gustavo and Ferreira de Oliveira, Maria Cristina},
 title = {A topological approach for surface reconstruction from sample points},
 journal = {Vis. Comput.},
 volume = {23},
 number = {9},
 year = {2007},
 issn = {0178-2789},
 pages = {793--801},
 doi = {http://dx.doi.org/10.1007/s00371-007-0134-7},
 publisher = {Springer-Verlag New York, Inc.},
 address = {Secaucus, NJ, USA},
 }
%%%%%%%ok
@INPROCEEDINGS{Chew,
  AUTHOR =       "L P Chew",
  TITLE =        "Garanteed-quality mesh generation for curved surfaces",
  BOOKTITLE =    "ACM Symposium on Computational Geometry",
  YEAR =         "1993",
  pages =        "274-280"
}


@ARTICLE{Boissonnat,
  AUTHOR =       "J D Boissonnat",
  TITLE =        "Shape Reconstruction from planar cross-sections",
  JOURNAL =      "Computational Vision Image",
  YEAR =         "1988",
  volume =       "44",
  pages =        "1-29"
}

@BOOK{Bloom,
  AUTHOR =       "Jules Bloomenthal and Chandrajit Bajaj and Jim Blinn and Marie-Paule Cani-Gascuel and Alyn Rockwood and Brian Wyvill and Geoff Wyvill",
  editor =       "Brian A. Barsky",
  TITLE =        "Introduction to Implicit Surfaces",
  PUBLISHER =    "Morgam Kaufmann Publkishers",
  YEAR =         "1997",
  isbn =         "1-55860-233-X"
}

@BOOK{Jolliffe02,
  AUTHOR =       "Ian T. Jolliffe",
   TITLE =        "Principal components analysis",
  PUBLISHER =    "Springer Us",
  YEAR =         "2002",
  isbn =         "9780387954424"
}

@INPROCEEDINGS{Curless,
  AUTHOR =       "B Curless and Levoy M",
  TITLE =        "A volumetric method for building complex models from range images",
  BOOKTITLE =    "Siggraph",
  YEAR =         "1996",
  pages =        "303-312"
}


@article{Edelsbrunner,
    author = "Herbert Edelsbrunner and Ernst P. M{\"{u}}cke",
    title = "Three-Dimensional Alpha Shapes",
    journal = "ACM Transactions on Graphics",
    volume = "13",
    number = "1",
    pages = "43 - 72",
    year = "1994"
 }


@BOOK{Figueredo,
AUTHOR = {L H Figueiredo and  P C P Carvalho},
EDITOR = {Instituto de Matemática Pura e Aplicada,  Rio de Janeiro},
TITLE = {Introdução à Geometrica Computacional},
YEAR = {1991},
series = {$18^o$ Colóquio Brasileiro de Matemática},
}


@ARTICLE{Forman1,
  AUTHOR =       "R Forman",
  TITLE =        "Morse theory for cell complexes",
  JOURNAL =      "Advances in Mathematics",
  YEAR =         "1998",
  volume =       "134",
  number =      "1"  ,
  pages =        "90-145"
}

@ARTICLE{Forman2,
  AUTHOR =       "R Forman",
  TITLE =        "Witten-Morse theory for cell complexes",
  JOURNAL =      "Topology",
  YEAR =         "1998",
  volume =      "37",
  number =       "5",
  pages =        "945-979"
}


@BOOK{Hoffmann,
  AUTHOR =       "C M Hoffmann",
  TITLE =        "Geometric and Solid Modeling, An Introduction",
  PUBLISHER =    "Morgan Kaufmann",
  YEAR =         "1989",
}


@article{Hoppe,
  author = "Hugues Hoppe and Tony DeRose and Tom Duchamp and John McDonald and Werner Stuetzle",
    title = "Surface reconstruction from unorganized points",
    journal = "Computer Graphics",
    volume = "26",
    number = "2",
    pages = "71--78",
    year = "1992",
    url = "citeseer.nj.nec.com/article/hoppe94surface.html" }


@ARTICLE{Huang,
  AUTHOR =       "J Huang and C H Menq",
  TITLE =        "Combinatorial Manifold Reconstruction and Optimization from Unorganized Point Cloud with Arbitrary Topology",
  JOURNAL =      "Computer-Aided Design",
  YEAR =         "2002",
  number =       "34",
  volume    =  "1",
  pages =        "149-165"
}

@ARTICLE{Kirkpatrick,
  AUTHOR =       "D G Kirkpatric and J D Radke",
  TITLE =        "Framework for Computational Morphology - Computational Geometry",
  JOURNAL =      "Comput Methods Applied Mechannical  Enginnering",
  YEAR =         "1985",
  editor =       "G T Toussaint",
  pages =        "217-245"
}

@ARTICLE{Jin,
  AUTHOR =       "H Jin and R I Tanner",
  TITLE =        "Generation of unstructured tetrahedral meshes by advancing front techinique",
  JOURNAL =      "International Journal of Numerical Methods in Enginnering",
  YEAR =         "1993",
  number =       "36",
  pages =        "1805-1823"
}

@INPROCEEDINGS{Jones,
  AUTHOR =       "M W Jones and M Chen",
  TITLE =        "A new approach to the construction of surfaces from contour data",
  BOOKTITLE =    "Eurographics",
  YEAR =         "1994",
  pages = {75-84},
  year = {1994},
  volume = "13",
  number = "3"}
}

@article{Guibas85,
 author = {Guibas, Leonidas and Stolfi, Jorge},
 title = {Primitives for the manipulation of general subdivisions and the computation of Voronoi},
 journal = {ACM Trans. Graph.},
 volume = {4},
 number = {2},
 year = {1985},
 issn = {0730-0301},
 pages = {74--123},
 doi = {http://doi.acm.org/10.1145/282918.282923},
 publisher = {ACM},
 address = {New York, NY, USA},
 }
 
@BOOK{Gomes04,
  AUTHOR =       "Jonas Gomes and Luiz Velho",
  TITLE =        "Fundamentos da Computação Gráfica",
  PUBLISHER =    "Instituto de Matemática Pura e Aplicada IMPA - In Portuguese.",
  YEAR =         "2004"
}

@BOOK{Lima,
  AUTHOR =       "Elon L Lima",
  TITLE =        "Curso de Análise Vol. 2",
  PUBLISHER =    "Instituto de Matemática Pura e Aplicada IMPA",
  YEAR =         "1981"
}

@ARTICLE{Marcum,
    AUTHOR = "D L Marcum and N P Weatherill",
    TITLE = "Unstructured grid generation using iterative point insertion and local reconnection",
    JOURNAL =      "AIAA Journal",
    YEAR =         "1995",
    number =       "32: (9)",
    pages =        "1619-1625"
}




@ARTICLE{Petitjean,
  AUTHOR =       "S Petitjean and E Boyer",
  TITLE =        "Regular and non-Regular Points Sets: Properties and Reconstruction",
  JOURNAL =      "Computational Geometry Theory and Applications",
  YEAR =         "2001",
  _deonde =       "Elvevier",
  pages =        "101-126"
}


@PHDTHESIS{Piteri,
AUTHOR = {Marco Antonio Piteri},
TITLE = {Geração Automática de Malhas Hierárquico-Adaptativas em Domínios Bidiensionais e Tridimensionais},
SCHOOL = {Universidade Técnica de Lisboa},
YEAR = {1998}
}


@BOOKLET{Resende,
TITLE = {Fundamentos de Geometria Computacional},
AUTHOR = {P J Resende J Stolfi},
PUBLISHED = {IX Escola de Computação},
ADDRESS = {Recife},
NOTE = {IBM/Brasil},
ANNOTE = {207p},
year  = {1994}
}


@INPROCEEDINGS{Rodriguez,
  AUTHOR =       "Az Rodriguez and J M Espadero and D López and L Pastor",
  TITLE =        "Delaunay Surface Reconstruction from Scattered Points",
  BOOKTITLE =    "Discrete Geometry for Computer Imagery",
  YEAR =         "1994",
  editor =       "9th International Conference",
  series =       "DGCI"
}

@INPROCEEDINGS{Ruppert,
  AUTHOR =       "Jim Ruppert and R Seidel R",
  TITLE =        "On the difficulty of tetrahedralizing 3-dimensional non-convex polyhedra",
  YEAR =         "1989",
  pages =        "380-392",
  organization = "5th Annual ACM Symposium Comput Geom Proceedings",
}


@ARTICLE{Teng,
  AUTHOR =       "S H Teng and C W Wong",
  TITLE =        "Unstructured mesh generation: Theory, practice, and perspectives",
  JOURNAL =      "International Journal of Computer Geometry",
  YEAR =         "2000",
  volume =       "10",
  number =       "3",
  pages =        "227-266"
}

%%%%%ok
@PHDTHESIS{Nonato,
AUTHOR = {Luis Gustavo Nonato},
TITLE = {Reconstrução de Variedades Volumétricas a partir de Seções Bidimensionais},
SCHOOL = {Pontifícia Universidade Católica do Rio de Janeiro},
YEAR = {1998}
}


@MASTERSTHESIS{Moreira,
author = {José Geraldo Veloso Moreira},
title = {Desenvolvimento de um modelador para superf\'{\i}cies impl\'{\i}citas em $\mathbb{R}^3$},
school = { Universidade de S\~{a}o Paulo - Instituto de Ci\^encias Matem\'{a}ticas e Computa\c{c}\~{a}o},
year = {1998}
}

@INPROCEEDINGS{Witkin,
  AUTHOR =       "A. Witkin and  P. Heckbert",
  TITLE =        "Using particles to sample and control implicit surfaces",
  YEAR =         "1994",
  pages =        "269-277",
  organization = "Siggraph"
}

@article{Mencl,
AUTHOR="Enn Mencl and Hnn Müller",
TITLE= "Graph-based surface reconstruction using structures in scattered point sets",
YEAR = "1998",
pages = "298-311",
journal = "Computer Graphics International"
}


@ARTICLE{Veltkamp,
AUTHOR = "R C Veltkamp",
TITLE = "The $\gamma -$neighborhood graph",
journal = "Computational Geometry: Theory and Applications",
year = "1992",
pages = "227-246"
}


@MISC{Edelsbrunnerhp,
  author =       "H Edelsbrunner",
  title =        "$\alpha$-shapes",
  howpublished = "http://www.alphashapes.org/alpha/",
  year =         "2002",
  month =        "novembro"
}

@InBook{Aurenhammer,
author = {Franz Aurenhammer and Rolf Klein},
_editor = {J Sack and G Urrutia},
title = {Voronoi diagrams},
chapter = {XY},
publisher = {Elsevier Science Publishing},
year = {2000},
pages = {201-290}
}

%ok
@PHDTHESIS{Shewchuk,
  AUTHOR =       "Jonathan Richard Shewchuk",
  TITLE =        "Delaunay Refinement Mesh Generation",
  SCHOOL =       "Scholl of Computer Science - Carnegie  Mellon  University",
  YEAR =         "1997"
}

%ok
@BOOK{Edelsbrunnerbook,
  AUTHOR =       "Herbert Edelsbrunner",
  TITLE =        "Geometry and Topology for Mesh Generation",
  PUBLISHER =    "Cambridge",
  YEAR =         "2001",
  series =       "Cambridge Monographs on Applied and Computational Mathematics"
}
@BOOK{Babuska,
  AUTHOR =       "Ivo Babuska and \emph{et al.}",
  TITLE =        "Modelling, Mesh Generation, and Adaptative Numerical Methods for Partial Equations",
  PUBLISHER =    "IMA",
  YEAR =         "1995",
  volume =       "75",
  series =       "The IMA volumes in Mathematics and its Applications"
}




@BOOK{Issacson,
  AUTHOR =       "E Isaacson and H B Keller",
  TITLE =        "Analysis of Numerical Methods",
  PUBLISHER =    "John Wiley \& Sons",
  YEAR =         "1966"
}

%ok
@Misc{CGAL,
key = {CGAL},
title = {CGAL - Computational Geometry Algorithms Library},
year = {2003},
howpublished = {http://www.cgal.org}
}

%ok
@article{CGALtriangulation,
    author = "Jean-Daniel Boissonnat and Olivier Devillers and Sylvain Pion and Monique Teillaud and Mariette Yvinec",
    title = "Triangulations in CGAL",
    journal = "Computational Geometry - Theory and Applications",
    volume = "22",
    pages = "5-19",
    year = "2002"
}

%ok
@Book{Stroustrup,
author = {Bjarne Stroustrup},
title = {The C++ Programming Language},
publisher = {Addison Wesley Pub},
year = {2000},
edition = {3}
}


@article{Bernardinibpa,
    author = "F. Bernardini and J. Mittleman and H. Rushmeier and C. Silva and G. Taubin",
    title = "The Ball-Pivoting Algorithm for Surface Reconstruction",
    journal = "IEEE Transactions on Visualization and Computer Graphics",
    volume = "5",
    number = "4",
    pages = "349--359",
    year = "1999",
    url = "citeseer.nj.nec.com/bernardini99ballpivoting.html" }

@article{Adamy,
    author = "Udo Adamy and Joachim Giesen and Matthias John",
    title = "Surface Reconstruction Using Umbrella Filters",
    journal = "Computational Geometry Theory and Applications",
    volume = "21",
    pages = "63--86",
    year = "2002"}

%maybe
@article{Nonatoartigo,
author =  "Luis Gustavo Nonato and Rosane Minghim and  Maria Cristina Fer Oliveira and  Geovan Tavares",
title = "A Novel Approach for Delaunay 3D Reconstruction with a comparative analysis in the Light of Applications",
journal = "Computer Graphics Forum",
volume =  "20",
number = "2",
pages = "161- -174",
year = "2001"}

@inproceedings{Pajarola,
    author = "Renato B. Pajarola",
    title = "Large Scale Terrain Visualization Using The Restricted Quadtree Triangulation",
    booktitle = "{IEEE} Visualization '98",
    editor = "David Ebert and Hans Hagen and Holly Rushmeier",
    pages = "19--26",
    year = "1998",
    url = "citeseer.nj.nec.com/pajarola98large.html" }

%maybe
@Article{Bajaj94,
author = {C L Bajaj and E J Coyle and K Lin},
title = {Arbitrary topology shape reconstruction from planar cross sections},
journal = {Graphical Model and Image Processing},
year = {1996},
volume = {58},
number = {6},
pages = {524-543}
}

%maybe
@Article{Klein,
author = {R Klein A Schilling and W Straber},
title = {Reconstruction and Simplification of Surfaces from Contours},
journal = {Graphical Models},
year = {2000},
volume = {62},
pages = {429-443}
}

@Article{Edelsbrunnermorse,
author = {Hebbert Edelsbrunner},
title = {Surface Recosntruction by Wrapping Finite Point Set in Space},
journal = {Discrete and Computational Geometry. The Goodman-Pollack Festschrift},
pages = {379-404},
 publisher = {Springer-Verlag},
year = {2003}
}

@inproceedings{ Gopilocalizeddelaunay,
    author = "M. Gopi and S. Krishnan and C. T. Silva",
    title = "Surface Reconstruction Based on Lower Dimensional Localized Delaunay Triangulation",
    booktitle = "Computer Graphics Forum (Eurographics 2000)",
    volume = "19(3)",
    editor = "M. Gross and F. R. A. Hopgood",
    year = "2000",
    url = "citeseer.nj.nec.com/gopi00surface.html" }



@InProceedings{Gopi,
  author =   {M. Gopi and S. Krishnan},
  title =    {A Fast and Efficient Projection Based Approach for
          Surface Reconstruction},
  booktitle =    {proceedings of the $15^{th}$ Brazilian Symposium on
          Computer Graphics and Image Processing},
  pages =    {179--186},
  year =     {2002},
  }


@Article{Dibben,
author = {D C Dibben},
title = {3D Mesh generation using bubble meshing for microwave applicators},
journal = {IEEE T MAGN},
year = {2000},
volume = {36},
number = {4},
pages = {1514-1518},
month = {Julho}
}

%ok
@Article{Lorensen,
author = {W E Lorensen and H E Cline},
title = {Marching Cubes: A High Resolution 3d Surface Construction Algorithms},
journal = {ACM SIG. Comp. Graph.},
year = {1987},
volume = {21},
pages = {163-169}
}

@article{Amentacocone,
    author = "Nina Amenta and Sunghee Choi and Tamal K. Dey and N. Leekha",
    title = "A Simple Algorithm for Homeomorphic Surface Reconstruction",
    journal = "International Journal of Computational Geometry and Applications",
    volume = "12",
    number = "1-2",
    pages = "125-141",
    year = "2002",
    url = "citeseer.nj.nec.com/amenta00simple.html" }

%ok
@TechReport{Deytcocone,
author = {Tamal K. Dey and Samrat Goswami},
title = {Tight Cocone : A Water-tight Surface reconstruction},
institution = {The Ohio State University},
year = {2002},
number = {OSU-CISRC-12/02-TR31},
month = {december}
}

@TechReport{Dance,
author = {C R Dance and R W Prager},
title = {Delaunay Reconstruction from Multaxial Planar Cross-Sections},
institution = {University of Cambridge - Department of Engineering},
year = {1997},
OPTkey = {CUED/F-INFENG/TR 273},
OPTtype = {},
OPTnumber = {},
OPTaddress = {},
OPTmonth = {Janeiro},
OPTannote = {England}
}

@TechReport{Treece,
author = {G M Treece R W Prager and A H Gee and L Berman},
title = {Fast Surface and Volume Estimation from non-parallel cross-sections for freehand 3-D ultrasound},
institution = {University of Cambridge - Department of Engineering},
year = {1998},
OPTkey = {CUED/F-INFENG/TR 326},
OPTtype = {},
OPTnumber = {},
OPTaddress = {},
OPTmonth = {Julho},
OPTannote = {England}
}

@misc{Bern,
  author = "M. Bern and D. Eppstein",
  title = "Emerging challenges in computational topology",
  text = "M. Bern, D. Eppstein, and al. Emerging challenges in computational topology,
    1999.",
  howpublished= "Report from the NSF-funded Workshop on Computational Topology, Miami Beach, FL, June 11-12, 1999",
  year = "1999",
  url = "citeseer.nj.nec.com/bern99emerging.html" }

@misc{Deysurvey,
author = "Tamal K. Dey",
title = "Curve and Surface Reconstruction - http://www.cis.ohio-state.edu/~tamaldey/papers.html (acesso em 08/10/2003)",
year = "2002"
}

%maybe
@misc{GoisCNMAC,
author = {Jo\~ao Paulo Gois and Antonio Castelo and Luis Gustavo Nonato},
title = {Reconstru\c{c}\~{a}o de superf\'{i}cies a partir de Conjuntos de Pontos em $\mathbb{R}^3$ Utilizando T\'ecnicas de Esculpimento com Triangula\c{c}\~{o}es de \emph{Delaunay} Tradicional e com Peso},
text = {Submetido à Revista TEMA - Tendências em Matemática Aplicada e Computacional},
year = {2003}
}


@Book{Maliska,
author = {Clovis R Maliska},
ALTeditor = {},
title = {Tranferênciade Calor e Mecânica dos Fluidos Computacional},
publisher = {LTC - Livros Técnicos e Científicos Editora},
year = {1995}
}

%maybe
@Article{Boissonnatzeroset,
author = {Jean-Daniel Boissonnat and Fredéric Cazals},
title = {Smooth Surface Reconstruction Via Natural Neighbour Interpolations of Distance Functions},
journal = {Computational Geometry Theory and Applications},
year = {2002},
OPTvolume = {22},
OPTpages = {185-203},
OPTannote = {http://elsevier.com/locate/comgeo}
}

%maybe
@InProceedings{Edelsbrunnersurvey,
author = {Herbert Edelsbrunner},
title = {Shape reconstruction with Delaunay complex},
booktitle = {LATIN'98: Theoretical Informatics},
year = {1998},
OPTeditor = {C.L. Lucchesi, A. V. Moura},
OPTseries = {LNCS 1380}
}

@inproceedings{Teichmann,
    author = "Marek Teichmann and Michael Capps",
    title = "Surface Reconstruction with Anisotropic Density-Scaled Alpha Shapes",
    booktitle = "{IEEE} Visualization '98",
    editor = "David Ebert and Hans Hagen and Holly Rushmeier",
    pages = "67--72",
    year = "1998",
    url = "citeseer.nj.nec.com/article/teichmann98surface.html" }

%%%%%TRES TRABALHOS QUE FALAM DE ROBUSTEZ

@article{ Deyrobustness,
    author = "Tamal K. Dey and Joachim Giesen and Wulue Zhao",
    title = "Robustness Issues in Surface Reconstruction",
    journal = "Lecture Notes in Computer Science",
    volume = "2073",
    pages = "658--663",
    year = "2001",
    url = "citeseer.nj.nec.com/476178.html" }

@InProceedings{Deytcoconecgal,
author = {Tamal K. Dey and S. Goswami},
title = {Tight cocone and CGAL},
booktitle = {CGAL workshop},
year = {2002},
OPTkey = {4 de Junho},
OPTaddress = {Barcelona, Spain},
OPTmonth = {Junho}
}

 @inproceedings{Choi-delaunay,
    title   =   {Delaunay Triangulation Programs on Surface Data},
    booktitle   =   {The 13th ACM-SIAM Symposium on Discrete Algorithms},
    author  =   {Sunghee Choi AND Nina Amenta },
    year    =   {2002},
    pages   =   {135-136},
}

%%pegueis estes dois do Edelsbrunnermorse
@inproceedings{Bernardini97sampling,
    author = "Fausto Bernardini and Chandrajit L. Bajaj",
    title = "Sampling and Reconstructing Manifolds using Alpha-Shapes",
    booktitle = "Proc. 9th Canadian Conf. Computational Geometry",
    pages = "193-198",
    year = "1997",
    url = "citeseer.nj.nec.com/bernardini97sampling.html" }


@misc{ Forman-combinatorial,
  author = "R. Forman",
  year = "para publicação",
  title = "Combinatorial differential topology and geometry",
  text = "R. Forman, Combinatorial differential topology and geometry, in New Perspectives
    in Algebraic Combinatorics (L. Billera, A. Bjorner, C. Greene, R. Simion,
    and R. Stanley, eds.), Cambridge University Press",
  url = "citeseer.nj.nec.com/257844.html" }

@Booklet{Milnor,
title = {Morse Theory},
author = {J Milnor},
address = {Princenton University Press},
year = {1963},
note = {Annals Mathematics Studies}
}

%%%%%%%%%%%%%%%%%%%%%%%%%%%%%
@inproceedings{ Edelsbrunner01hierarchical,
    author = "Herbert Edelsbrunner and John Harer and Afra Zomorodian",
    title = "Hierarchical morse complexes for piecewise linear 2-manifolds",
    booktitle = "Symposium on Computational Geometry",
    pages = "70-79",
    year = "2001",
    url = "citeseer.nj.nec.com/edelsbrunner01hierarchical.html" }



@inproceedings{ EdelsbrunnerShah,
    author = "H. Edelsbrunner and N. Shah",
    title = "Triangulating topological spaces",
    booktitle = "Proc. 10th ACM Symp. Computational Geometry",
    pages = "285--292",
    year = "1994" }




@InProceedings{Giesendynamical,
author = {J. Giesen and M. John},
title = {Surface reconstruction based on a dynamical system},
booktitle = {Eurographics},
year = {2002},
editor = {G. Drettakins and H.P. Siedel},
volume = {21-3}
}


@InProceedings{ kolluri-spectral,
  author = {Ravikrishna Kolluri and Jonathan Richard Shewchuk and James F. O'Brien},
  title = {Spectral Surface Reconstruction from Noisy Point Clouds} ,
  booktitle = {Sigraph},
  pages = {11-22},
  year = {2004}}


@inproceedings{Giesenflowcomplex,
 author = {Joachim Giesen and Matthias John},
 title = {The flow complex: a data structure for geometric modeling},
 booktitle = {Proceedings of the fourteenth annual ACM-SIAM symposium on Discrete algorithms},
 year = {2003},
 isbn = {0-89871-538-5},
 pages = {285--294},
 location = {Baltimore, Maryland},
 publisher = {Society for Industrial and Applied Mathematics},
 }

@inproceedings{Mederos,
  author = "Boris Mederos and Luiz Velho and Luiz Henrique de Figueiredo",
  title = "Moving Least Squares Multiresolution Surface Approximation",
  year = "2003",
  location = "São Carlos-Brasil",
  booktitle  = "SIBGRAPI 2003"
 }

@article{ Zhao,
  author = "H. Zhao and B. Merriman and S. Osher and M. Kang",
  title = "Implicit Nonparametric Shape Reconstruction from Unorganized Points using
    a Variational Level Set Method",
    journal = "Computer Vision and Image Understanding",
 volume = "60",
 pages = "295 - 313",
year = "2000" }


@InProceedings{Alex,
author = {Alex Jesus Quadros Vargas and Luis Gustavo Nonato and Maria Cristina de Oliveira and Rosane Minghin},
title = {Beta-connection: An Approach to Generate Families of Models from Planar Sections},
booktitle = {SIBGRAPI},
pages = {187-194},
year = {2002},
OPTaddress = {Fortaleza, Brasil}
}

@book{Samet,
author = {H. Samet},
 title = {The design and analysis of spatial data structures},
 year = {1990},
 isbn = {0-201-50255-0},
 publisher = {Addison-Wesley Longman Publishing Co., Inc.},
}

@Booklet{Teixeira,
title = {Introdução aos Espaços de Escala (EDPs em Processamento de Sinais)},
author = {Ralph Teixeira},
howpublished = {{$\rm 23^0$} Colóquio Brasileiro de Matemática},
address = {Rio de Janeiro-RJ},
year = {2001},
note = {Instituto de Matemática Pura e Aplicada}
}

@article{Marcun,
 author  = { David L. Marcum and Nigel P. Weatherill},
 title   = {Unstructured Grid Generation Using Iterative Point Insertion and Local Reconnection},
 journal = "AIAA Journal",
 volume  = {33},
 number  = {9},
 pages   = {1619-1625},
 year    = {1995}
}



@article{Zhao00,
 author  = { H. Zhao and B. Merriman  and S. Osher  and M. Kang },
 title   = {Implicit Nonparametric Shape Reconstruction from Unorganized Points Using A Variational Level Set Method},
 journal = "Computer Vision and Image Understanding",
 number  = {60},
 pages   = {295-313},
 year    = {2000}
}

@article{Dey99,
 author  = { T. K. Dey and P. Kumar },
 title   = {A simple provable algorithm for curve reconstruction},
 journal = {Proc. 10th. ACM-SIAM Symposium on Discrete Algorithms (SODA '99)},
 pages   = {893-894},
 year    = {1999}
}


@article{Deytopology,
 author = "T. Dey and H. Edelsbrunner and S. Guha",
  title = "Computational Topology",
  journal = "In Advances in Discrete and Computational Geometry (Contemporary mathematics
    223)",
  pages   = "109--143",
  year = "1999"
}



@article{lewiner2004,
 author = "Thomas Lewiner and Hélio Lopes and Geovan Tavares",
  title = "Applications of Forman´s discrete Morse theory to topology visualization and mesh compression",
  journal = "IEEE Transactions on Visualization and Computer Graphics (TVCG) ",
  volume = "10(5)",
  pages   = "499--508.",
  year = "2004"
}

@book{Hungerford1966,
 author    = {Thomas W. Hungerford},
 title     = {\'{A}lgebra /Thomas W. Hungerford.},
 publisher = {New York : Springer},
 year      = {1996},
 edition   = {}
}

@mastersthesis{lewinermaster,
author = {Thomas Lewiner},
year = 2002,
title = {Constructing discrete {M}orse functions},
school = {Department of Mathematics, PUC-Rio},
url = {http://www-sop.inria.fr/geometrica/personnel/Thomas.Lewiner/Thesis.pdf},
}

@inproceedings{curve_noisy,
 author = {Siu-Wing Cheng and Stefan Funke and Mordecai Golin and Piyush Kumar and Sheung-Hung Poon and Edgar Ramos},
 title = {Curve reconstruction from noisy samples},
 booktitle = {Proceedings of the nineteenth annual symposium on Computational geometry},
 year = {2003},
 isbn = {1-58113-663-3},
 pages = {302--311},
 location = {San Diego, California, USA},
 doi = {http://doi.acm.org/10.1145/777792.777838},
 publisher = {ACM Press},
 }


@incollection{ fortune92,
    author = "Fortune",
    title = "Voronoi Diagrams and Delaunay Triangulations",
    booktitle = "Computing in Euclidean Geometry, Edited by Ding-Zhu Du and Frank Hwang, World Scientific, Lecture Notes Series on Computing -- Vol. 1",
    year = "1992"
}

@article{Ohtake03,
 author = {Yutaka Ohtake and Alexander Belyaev and Marc Alexa and Greg Turk and Hans-Peter Seidel},
 title = {Multi-level partition of unity implicits},
 journal = {ACM Trans. Graph.},
 volume = {22},
 number = {3},
 year = {2003},
 issn = {0730-0301},
 pages = {463--470},
 doi = {http://doi.acm.org/10.1145/882262.882293},
 publisher = {ACM Press},
 }

@inproceedings{Carr01,
 author = {J. C. Carr and R. K. Beatson and J. B. Cherrie and T. J. Mitchell and W. R. Fright and B. C. McCallum and T. R. Evans},
 title = {Reconstruction and representation of 3D objects with radial basis functions},
 booktitle = {SIGGRAPH '01: Proceedings of the 28th annual conference on Computer graphics and interactive techniques},
 year = {2001},
 isbn = {1-58113-374-X},
 pages = {67--76},
 doi = {http://doi.acm.org/10.1145/383259.383266},
 publisher = {ACM Press},
 }

@article{schreiner,
 author = {John Schreiner and Carlos E. Scheidegger and Shachar Fleishman and Cláudio T. Silva},
 title = {Direct (Re)Meshing for Efficient Surface Processing},
 journal = {Computer Graphics Forum},
 volume = {25},
 number = {3},
 year = {2006},
 pages = {527--536},
 }

@article{sharf,
 author = {Andrei Sharf and Thomas Lewiner and Ariel Shamir and Leif Kobbelt and Daniel Cohen¿Or},
 title = {Competing Fronts for Coarse¿to¿Fine Surface Reconstruction},
 journal = {Computer Graphics Forum},
 volume = {25},
 number = {3},
 year = {2006},
 pages = {389--398},
 }

@inproceedings{lewiner-shamir-kobbelt-cohenor-eg06,
  author       = {Andrei Sharf and Thomas Lewiner and Ariel Shamir and Leif Kobbelt and Daniel Cohen--Or},
  year         = 2006,
  title        = {Competing fronts for coarse--to--fine surface reconstruction},
  booktitle    = {Eurographics},
  address      = {Vienna},
  month        = {september},
  pages        = {389--398},
  url          = {http://www.mat.puc-rio.br/~tomlew/competing_fronts_eg.pdf}
}

@article{alexa:03:computing,
  	author 		= {M. Alexa and J. Behr and D. Cohen-Or and S. Fleishman and D. Levin and  C. Silva},
  	title 		= {Computing and rendering point set surfaces},
  	journal 	= {IEEE Transactions on Visualization and Computer Graphics},
  	volume 		= {9},
  	number 		= {1},
  	year 		= {2003},
    pages 		= {3--15}
}

@article{Levin03,
  	author 		= {D. Levin },
  	title 		= {Mesh-independent surface interpolation},
  	journal 	= {Geometric Modeling for Scientific Visualization},
  	%volume 		= {9},
  	%number 		= {1},
  	year 		= {2003},
    pages 		= {37--49}
}


@article{kobbelt:04survey,
  	author    	= {Leif Kobbelt and    Mario Botsch},
  	title     	= {A survey of point-based techniques in computer graphics.},
  	journal   	= {Computers {\&} Graphics},
  	volume    	= {28},
  	number    	= {6},
  	year      	= {2004},
  	pages     	= {801--814}
}

@inproceedings{zwicker:02Pointshop,
	author 		= {Matthias Zwicker and Mark Pauly and Oliver Knoll and Markus Gross},
	title 		= {Pointshop {3D}: an interactive system for point-based surface editing},
	booktitle 	= {Proceedings of ACM SIGGRAPH},
	year 		= {2002},
	pages 		= {322--329},
	publisher 	= {ACM Press}
}

@article{NiMorseMesh2004,
 author = {Xinlai Ni and Michael Garland and John C. Hart},
 title = {Fair morse functions for extracting the topological structure of a surface mesh},
 journal = {ACM Trans. Graph.},
 volume = {23},
 number = {3},
 year = {2004},
 issn = {0730-0301},
 pages = {613--622},
 doi = {http://doi.acm.org/10.1145/1015706.1015769},
 publisher = {ACM Press},
 address = {New York, NY, USA},
 }
 
 @inproceedings{Lin01,
 author = {Lin, King-Ip and Yang, Congjun},
 title = {The ANN-tree: An Index for Efficient Approximate Nearest Neighbor Search},
 booktitle = {DASFAA '01: Proceedings of the 7th International Conference on Database Systems for Advanced Applications},
 year = {2001},
 isbn = {0-7695-0996-7},
 pages = {174--181},
 publisher = {IEEE Computer Society},
 address = {Washington, DC, USA},
 }
 
 @ARTICLE{Shewchuk96,
    author = {Jonathan Richard Shewchuk},
    title = {Adaptive Precision Floating-Point Arithmetic and Fast Robust Geometric Predicates},
    journal = {Discrete $\&$ Computational Geometry},
    year = {1996},
    volume = {18},
    pages = {305--363}
}

%-------------------------------------------------------------------

@InProceedings{aspert02:mesh,
  author =	 {Nicolas Aspert and Diego Santa-Cruz and Touradj Ebrahimi},
  title =	 {MESH: Measuring Errors between Surfaces using the Hausdorff
                  distance},
  booktitle =	 {Proc. of the IEEE International Conference in Multimedia and
                  Expo (ICME) 2002},
  pages =	 {705-708},
  year =	 2002,
  volume =	 1,
  address =	 {Lausanne, Switzerland},
  month =	 aug,
  date =	 {August 26-29}
}

@article{candes07,
 author = {E. J. Cand\`{e}s and M. Wakin},
 title = {An introduction to compressive sampling [A sensing/sampling paradigm that goes against the common knowledge in data acquisition]},
 journal = {IEEE Signal Processing Magazine},
 volume = {25},
 number = {2},
 year = {2007},
 issn = {1053-5888},
 pages = {21--30},
  }
  
 @InProceedings{marks09,
 author = {David Sturgill and Benjamin V. Ruitenbeek and Robert J. Marks-II},
 title = {Image Compression and Recovery through Compressive Sampling and Particle Swarm},
 booktitle = {IEEE International Conference on Systems, Man, and Cybernetics},
  year = {2009},
  address =	 {San Antonio, TX, USA},
  month =	 oct,
   pages = {1822--1826},
  }
 
 @article{romberg08,
 author = { Justin Romberg},
 title = {Imaging via Compressive Sampling [Introduction to compressive sampling and recovery via convex programming]},
 journal = {IEEE Signal Processing Magazine},
 volume = {25},
 number = {2},
 year = {2008},
 issn = {1053-5888},
 pages = {14--20},
 }
 
 @article{GI02,
 author = {Gu, Xianfeng and Gortler, Steven J. and Hoppe, Hugues},
 title = {Geometry images},
 journal = {ACM Trans. Graph.},
 volume = {21},
 number = {3},
 year = {2002},
 issn = {0730-0301},
 pages = {355--361},
 doi = {http://doi.acm.org/10.1145/566654.566589},
 publisher = {ACM},
 address = {New York, NY, USA},
 }
 
 @article{baraniuk07,
 author = { Richard Baraniuk},
 title = {Compressive sensing},
 journal = {IEEE Signal Processing Magazine},
 volume = {24},
 number = {4},
 year = {2007},
 issn = {1053-5888},
  }
  
@article{candes06,
 author = {E. J. Cand\`{e}s and Justin Romberg and T. Tao},
 title = {Robust uncertainty principles: Exact signal reconstruction from highly incomplete frequency information},
 journal = { IEEE Trans. Inform. Theory},
 volume = {52},
 number = {2},
 year = {2006},
  pages = {489--509},
  }
  
@article{candes06a,
 author = {E. J. Cand\`{e}s and Justin Romberg and T. Tao},
 title = {Stable signal recovery from incomplete and inaccurate measurements},
 journal = { Comm. Pure Appl. Math},
 volume = {59},
 number = {8},
 year = {2006},
  pages = {1207--1223},
 }
 
@article{candes06b,
 author = {E. J. Cand\`{e}s and and T. Tao},
 title = {Near-optimal signal recovery from random projections and universal encoding strategies?},
 journal = { IEEE Trans. Inform. Theory},
 volume = {52},
 number = {2},
 year = {2006},
   pages = {5406--5445},
 }
 
@INPROCEEDINGS{Sarvotham06sudocodes,
    author = {Shriram Sarvotham and Dror Baron and Richard G. Baraniuk},
    title = {Sudocodes - Fast Measurement and Reconstruction of Sparse Signals},
    booktitle = {Proc. IEEE Int. Symposium on Information Theory (ISIT},
    year = {2006}
}

@inproceedings{SGI03,
 author = {Losasso, F. and Hoppe, H. and Schaefer, S. and Warren, J.},
 title = {Smooth geometry images},
 booktitle = {SGP '03: Proceedings of the 2003 Eurographics/ACM SIGGRAPH symposium on Geometry processing},
 year = {2003},
 isbn = {1-58113-687-0},
 pages = {138--145},
 location = {Aachen, Germany},
 publisher = {Eurographics Association},
 address = {Aire-la-Ville, Switzerland, Switzerland},
 }
 
 @article{pkksurvey05,
 author = {Peng, Jingliang and Kim, Chang-Su and Jay Kuo, C. -C.},
 title = {Technologies for 3D mesh compression: A survey},
 journal = {J. Vis. Comun. Image Represent.},
 volume = {16},
 number = {6},
 year = {2005},
 issn = {1047-3203},
 pages = {688--733},
 doi = {http://dx.doi.org/10.1016/j.jvcir.2005.03.001},
 publisher = {Academic Press, Inc.},
 address = {Orlando, FL, USA},
 }
 
 @MISC{Taubin_3dgeometry,
    author = {Gabriel Taubin},
    title = {3D Geometry Compression and Progressive Transmission},
    year = {}
}

@ARTICLE{Rossignac99edgebreaker:connectivity,
    author = {Jarek Rossignac},
    title = {Edgebreaker: Connectivity compression for triangle meshes},
    journal = {IEEE Transactions on Visualization and Computer Graphics},
    year = {1999},
    volume = {5},
    pages = {47--61}
}

@MISC{Hoppe_progressivemeshes,
    author = {Hugues Hoppe},
    title = {Progressive Meshes},
    year = {}
}

@book{Edelsbrunner01,
 author    = {H. Edelsbrunner},
 title     = {Geometry and Topology for Mesh Generation, Cambridge},
 publisher = {University Press},
 year      = {2001},
 edition   = {}
}

@book{Kahn95,
 author    = {D.W. Kahn},
 title     = {Topology: an Introduction to the Point-set and Algbraic Areas},
 publisher = {Dover Publications},
 year      = {1995},
 edition   = {}
}

@book{Gross98,
 author    = {J. Gross and J. Yellen},
 title     = {Graph Theory and Its Applications},
 publisher = {CRC Press, Boca Raton},
 year      = {1998},
 edition   = {}
}

@inproceedings{GC95,
 author = {Deering, Michael},
 title = {Geometry compression},
 booktitle = {SIGGRAPH '95: Proceedings of the 22nd annual conference on Computer graphics and interactive techniques},
 year = {1995},
 isbn = {0-89791-701-4},
 pages = {13--20},
 doi = {http://doi.acm.org/10.1145/218380.218391},
 publisher = {ACM},
 address = {New York, NY, USA},
 }
 
 @inproceedings{Chow97,
 author = {Mike M. Chow},
 title = {Optimized geometry compression for real-time rendering},
 booktitle = {VIS '97: Proceedings of the 8th conference on Visualization '97},
 year = {1997},
 isbn = {1-58113-011-2},
 pages = {347--ff.},
 location = {Phoenix, Arizona, United States},
 publisher = {IEEE Computer Society Press},
 address = {Los Alamitos, CA, USA},
 }
 
 @article{taubin98,
 author = {Gabriel Taubin and Jarek Rossignac},
 title = {Geometric compression through topological surgery},
 journal = {ACM Trans. Graph.},
 volume = {17},
 number = {2},
 year = {1998},
 issn = {0730-0301},
 pages = {84--115},
 doi = {http://doi.acm.org/10.1145/274363.274365},
 publisher = {ACM},
 address = {New York, NY, USA},
 }
 
 @INPROCEEDINGS{Bajaj99singleresolution,
    author = {Chandrajit L Bajaj and Valerio Pascucci and Guozhong Zhuang},
    title = {Single resolution compression of arbitrary triangular meshes with properties},
    booktitle = {In Data Compression Conference99 Conference Proceedings},
    year = {1999},
    pages = {247--256}
}

@INPROCEEDINGS{MC98,
    author = {C. Touma and C. Gotsman},
    title = {Triangle mesh compression},
    booktitle = {Proceedings of Graphics Interface},
    year = {1998},
    pages = {26--34}
}

@inproceedings{TC98,
 author = { Stefan Gumhold and  Wolfgang Strasser},
 title = {Real time compression of triangle mesh connectivity},
 booktitle = {SIGGRAPH '98: Proceedings of the 25th annual conference on Computer graphics and interactive techniques},
 year = {1998},
 isbn = {0-89791-999-8},
 pages = {133--140},
 doi = {http://doi.acm.org/10.1145/280814.280836},
 publisher = {ACM},
 address = {New York, NY, USA},
 }

@article{Edgebreaker99,
 author = {Rossignac, Jarek},
 title = {Edgebreaker: Connectivity Compression for Triangle Meshes},
 journal = {IEEE Transactions on Visualization and Computer Graphics},
 volume = {5},
 number = {1},
 year = {1999},
 issn = {1077-2626},
 pages = {47--61},
 doi = {http://dx.doi.org/10.1109/2945.764870},
 publisher = {IEEE Educational Activities Department},
 address = {Piscataway, NJ, USA},
 }
 
 @inproceedings{Isenburg00,
 author = {Martin Isenburg and Jack Snoeyink},
 title = {Spirale Reversi: Reverse decoding of the Edgebreaker encoding},
 booktitle = {12th Canadian Conference on Computational Geometry},
 pages = {247--256},
 year = {2000},
}

@INPROCEEDINGS{King99,
    author = {Davis King and Jarek Rossignac},
    title = {Guaranteed 3.67V bit encoding of planar triangle graphs},
    booktitle = {11TH CANADIAN CONFERENCE ON COMPUTATIONAL GEOMETRY (CCCG'99},
    year = {1999},
    pages = {146--149},
 }
 
 
@article{Szymczak00anedgebreaker-based,
 author = {Szymczak, Andrzej and King, Davis and Rossignac, Jarek},
 title = {An edgebreaker-based efficient compression scheme for regular meshes},
 journal = {Comput. Geom. Theory Appl.},
 volume = {20},
 number = {1-2},
 year = {2001},
 issn = {0925-7721},
 pages = {53--68},
 doi = {http://dx.doi.org/10.1016/S0925-7721(01)00035-9},
 publisher = {Elsevier Science Publishers B. V.},
 address = {Amsterdam, The Netherlands, The Netherlands},
 }
 
 @inproceedings{collapse99,
 author = {Martin Isenburg  and Jack Snoeyink },
 title = {Mesh collapse compression},
 booktitle = {SCG '99: Proceedings of the fifteenth annual symposium on Computational geometry},
 year = {1999},
 isbn = {1-58113-068-6},
 pages = {419--420},
 location = {Miami Beach, Florida, United States},
 doi = {http://doi.acm.org/10.1145/304893.305000},
 publisher = {ACM},
 address = {New York, NY, USA},
 }
 
 @inproceedings{ProgressiveMC00,
 author = {Khodakovsky, Andrei and Schr\"{o}der, Peter and Sweldens, Wim},
 title = {Progressive geometry compression},
 booktitle = {SIGGRAPH '00: Proceedings of the 27th annual conference on Computer graphics and interactive techniques},
 year = {2000},
 isbn = {1-58113-208-5},
 pages = {271--278},
 doi = {http://doi.acm.org/10.1145/344779.344922},
 publisher = {ACM Press/Addison-Wesley Publishing Co.},
 address = {New York, NY, USA},
 }
 
 @book{CS09,
 author    = {Adriana Schulz and Eduardo da Silva and Luiz Velho},
 title     = {Compressive Sensing},
 publisher = {27 Coloquio Brasileiro de Matematica - SBM},
 year      = {2009},
 edition   = {1}
}

@article{Sen:CS_DualPhoto:2009,
author = {Pradeep Sen and Soheil Darabi},
title = {{Compressive Dual Photography}},
journal = {Computer Graphics Forum},
year = {2009},
volume = {28},
number = {2},
pages = {609 -- 618},
publisher = {Eurographics},
}

@ARTICLE{Duarte_single-pixelimaging,
    author = {Marco F. Duarte and Mark A. Davenport and Dharmpal Takhar and Jason N. Laska and Ting Sun and Kevin F. Kelly and Richard G. Baraniuk},
    title = {Single-pixel imaging via compressive sampling},
    journal = {IEEE Signal Processing Magazine},
    year = {2008},
    }

@ARTICLE{noiselet01,
    author = {R. Coifman and F. Geshwind and Y. Meyer},
    title = {Noiselets},
    journal = {Applied and Computational Harmonic Analysis},
    year = {2001},
    volume = {10},
    pages{27 -- 44},
}

@inproceedings{noiselet10,
 author = {Chen, Zhuoyuan and Wen, Jiangtao and Yang, Shiqiang and Han, Yuxing and Villasenor, John D.},
 title = {Image Compression Using the DCT and Noiselets: A New Algorithm and Its Rate Distortion Performance},
 booktitle = {DCC '10: Proceedings of the 2010 Data Compression Conference},
 year = {2010},
 isbn = {978-0-7695-3994-2},
 pages = {527},
 doi = {http://dx.doi.org/10.1109/DCC.2010.62},
 publisher = {IEEE Computer Society},
 address = {Washington, DC, USA},
 }
 
 @inproceedings{noiselet09,
 author = {Tomas Tuma and Paul Hurley},
 title = { On the incoherence of noiselet and Haar bases},
 booktitle = {SAMPTA, conference on Sampling Theory and Applications},
 year = {2009},
 
 
 address = {Marseille, France},
 }
 
 @MISC{Becker09nesta,
    author = {Stephen Becker and Jérôme Bobin and Emmanuel J. Candès},
    title = {NESTA: A Fast and Accurate First-Order Method for Sparse Recovery. SIAM J. on Imaging Sciences (under revision)},
    year = {2009}
}