@book{Weiss2010,
  address = {London; New York},
  author = {Weiss, Sholom M. and Indurkhya, Nitin and Zhang, Tong},
  keywords = {general text mining},
  publisher = {Springer-Verlag},
  timestamp = {2012-12-04T13:26:01.000+0100},
  title = {Fundamentals of predictive text mining},
  year = 2010
}

@book{Berry2010,
  address = {Chichester, UK},
  editor = {Berry, Michael W. and Kogan, Jacob},
  keywords = {v1205 book language processing information retrieval data pattern recognition analysis},
  publisher = {Wiley},
  timestamp = {2012-05-30T10:43:03.000+0200},
  title = {Text Mining: Applications and Theory},
  year = 2010
}
@book{Feldman2006,
  address = {Cambridge, MA, USA},
  author = {Feldman, Ronen and Sanger, James},
  howpublished = {Hardcover},
  month = {December},
  priority = {2},
  publisher = {Cambridge University Press},
  timestamp = {2008-05-16T16:43:12.000+0200},
  title = {The Text Mining Handbook: Advanced Approaches in Analyzing Unstructured Data},
  year = 2006
}

@article{Salton1975,
  address = {New York, NY, USA},
  author = {Salton, G. and Wong, A. and Yang, C. S.},
  journal = {Communications of the ACM},
  keywords = {text-mining vsm},
  number = 11,
  pages = {613-620},
  publisher = {ACM},
  timestamp = {2008-01-17T17:14:21.000+0100},
  title = {A Vector Space Model for Automatic Indexing},
  volume = 18,
  year = 1975
}

@incollection{Lops2011,
  author = {Lops, Pasquale and de Gemmis, Marco and Semeraro, Giovanni},
  booktitle = {Recommender Systems Handbook},
  editor = {Ricci, Francesco and Rokach, Lior and Shapira, Bracha and Kantor, Paul B.},
  pages = {73-105},
  publisher = {Springer},
  timestamp = {2011-01-08T00:00:00.000+0100},
  title = {Content-based Recommender Systems: State of the Art and Trends.},
  year = 2011
}

@incollection{Ricci2011,
  author = {Ricci, Francesco and Rokach, Lior and Shapira, Bracha},
  booktitle = {Recommender Systems Handbook},
  editor = {Ricci, Francesco and Rokach, Lior and Shapira, Bracha and Kantor, Paul B.},
  pages = {1-35},
  publisher = {Springer},
  timestamp = {2011-01-08T00:00:00.000+0100},
  title = {Introduction to Recommender Systems Handbook.},
  year = 2011
}

@incollection{Ricci22011,
  author = {Shani, Guy and Gunawardana, Asela},
  booktitle = {Recommender Systems Handbook},
  editor = {Ricci, Francesco and Rokach, Lior and Shapira, Bracha and Kantor, Paul B.},
  keywords = {evaluation recommendation systems},
  pages = {257-297},
  publisher = {Springer},
  timestamp = {2013-09-05T10:19:09.000+0200},
  title = {Evaluating Recommendation Systems},
  year = 2011
}

@book{Jannach2011,
  author = {Jannach, Dietmar and Zanker, Markus and Felfernig, Alexander and Friedrich, Gerhard},
  keywords = {book recommender recommender-systems},
  publisher = {Cambridge University Press},
  timestamp = {2011-04-30T20:19:16.000+0200},
  title = {Recommender Systems An Introduction},
  year = 2011
}

@article{Adomavicius2005,
  author = {Adomavicius, Gediminas and Tuzhilin, Alexander},
  journal = {IEEE Transactions on Knowledge and Data Engineering},
  keywords = {recommender survey},
  number = 6,
  pages = {734-749},
  timestamp = {2011-03-02T12:17:23.000+0100},
  title = {Toward the next generation of recommender systems: A survey of the state-of-the-art and possible extensions},
  volume = 17,
  year = 2005
}

@article{Resnick1997,
  address = {New York, NY, USA},
  author = {Resnick, Paul and Varian, Hal R.},
  journal = {Communications of the ACM},
  keywords = {recommender-systems},
  month = {March},
  pages = {56-58},
  publisher = {ACM},
  timestamp = {2011-10-12T10:36:06.000+0200},
  title = {Recommender systems},
  volume = 40,
  year = 1997
}

@article{Burke2002,
  address = {Hingham, MA, USA},
  author = {Burke, Robin},
  journal = {User Modeling and User-Adapted Interaction},
  number = 4,
  pages = {331-370},
  publisher = {Kluwer Academic Publishers},
  timestamp = {2009-04-20T12:11:37.000+0200},
  title = {Hybrid Recommender Systems: Survey and Experiments},
  volume = 12,
  year = 2002
}

@incollection{Burke2007,
  address = {Berlin},
  author = {Burke, Robin},
  booktitle = {The Adaptive Web: Methods and Strategies of Web Personalization},
  chapter = 12,
  keywords = {v1205 springer paper ai adaptive web user requirements information management assist},
  pages = {377-408},
  timestamp = {2012-05-30T10:43:47.000+0200},
  title = {Hybrid Web Recommender Systems},
  username = {flint63},
  year = 2007
}

@book{Kamber2011,
 author = {Han, Jiawei and Kamber, Micheline and Pei, Jian},
 title = {Data Mining: Concepts and Techniques},
 year = {2011},
 edition = {3rd},
 publisher = {Morgan Kaufmann Publishers Inc.},
 address = {San Francisco, CA, USA},
} 

@book{Murphy2012,
 author = {Murphy, Kevin P.},
 title = {Machine Learning: A Probabilistic Perspective},
 year = {2012},
 publisher = {The MIT Press},
} 

@book{Miner2012,
 author = {Miner, Gary and Elder, John and Hill, Thomas and Nisbet, Robert and Delen, Dursun and Fast, Andrew},
 title = {Practical Text Mining and Statistical Analysis for Non-structured Text Data Applications},
 year = {2012},
 edition = {1st},
 publisher = {Academic Press},
}

@inproceedings{Cheng2000,
  author = {Cheng, Yizong and Church, George M.},
  booktitle = {Procedures of the 8th ISMB},
  keywords = {clustering biclustering},
  pages = {93-103},
  publisher = {AAAI Press},
  timestamp = {2006-03-23T12:22:43.000+0100},
  title = {Biclustering of Expression Data},
  year = 2000
}

@INPROCEEDINGS{Tanay2005,
  author = {Amos Tanay and Roded Sharan and Ron Shamir},
  title = {Biclustering Algorithms: A Survey},
  booktitle = {In Handbook of Computational Molecular Biology Edited by: Aluru S. Chapman \& Hall/CRC Computer and Information Science Series},
  year = {2005}
}

@article{Kluger2003,
  author = {Kluger, Yuval and Basri, Ronen and Chang, Joseph T. and Gerstein, Mark},
  journal = {Genome Research},
  keywords = {bioinformatics coclustering},
  number = 4,
  pages = {703-716},
  timestamp = {2007-06-06T15:18:15.000+0200},
  title = {Spectral Biclustering of Microarray Data: Coclustering Genes and Conditions},
  volume = 13,
  year = 2003
}

@article{Madeira2004,
  address = {Los Alamitos, CA, USA},
  author = {Madeira, Sara C. and Oliveira, Arlindo L.},
  issue = {1},
  journal = {IEEE Transactions on Computational Biology and Bioinformatics},
  keywords = {biclustering co-clustering},
  month = {January},
  numpages = {22},
  pages = {24-45},
  publisher = {IEEE Computer Society Press},
  timestamp = {2011-12-13T14:32:27.000+0100},
  title = {Biclustering Algorithms for Biological Data Analysis: A Survey},
  volume = 1,
  year = 2004
}

@book{Haykin2008,
  author = {Haykin, Simon},
  day = {28},
  edition = {3},
  howpublished = {Hardcover},
  keywords = {neural-networks},
  month = nov,
  priority = {2},
  publisher = {Prentice Hall},
  title = {Neural Networks and Learning Machines (3rd Edition)},
  year = {2008}
}

@incollection{Neumann2007,
  year={2007},
  booktitle={Research and Advanced Technology for Digital Libraries},
  volume={4675},
  series={Lecture Notes in Computer Science},
  editor={Kovács, László and Fuhr, Norbert and Meghini, Carlo},
  doi={10.1007/978-3-540-74851-9_36},
  title={Motivating and Supporting User Interaction with Recommender Systems},
  publisher={Springer Berlin Heidelberg},
  keywords={Recommender system; rating service; review service; mechanism design; incentive system},
  author={Neumann, AndreasW.},
  pages={428-439},
  language={English}
}

@article{Hotho2005,
  author = {Hotho, Andreas and Nürnberger, Andreas and Paaß, Gerhard},
  journal = {LDV Forum - GLDV Journal for Computational Linguistics and Language Technology},
  keywords = {2005 SumSchool06 mining myown ontology overview survey text tm},
  month = MAY,
  number = 1,
  pages = {19-62},
  timestamp = {2006-06-27T09:41:56.000+0200},
  title = {A Brief Survey of Text Mining},
  vgwort = {44},
  volume = 20,
  year = 2005
}

@article{Getz2000,
  author = {G. Getz and E. Levine and E. Domany},
  title = {Coupled Two-Way Clustering Analysis of Gene Microarray Data},
  journal = {Proc. Natl. Acad. Sci. USA},
  year = {2000},
  volume = {97},
  pages = {12079-12084}
}

@article{Cabanes2012,
  author = {Cabanes, Guénaël and Bennani, Younès and Fresneau, Dominique},
  journal = {Neural Networks},
  keywords = {dblp},
  pages = {186-195},
  timestamp = {2013-04-12T00:00:00.000+0200},
  title = {Enriched topological learning for cluster detection and visualization.},
  volume = 32,
  year = 2012
}

@inproceedings{Yang2013,
  author = {Yang, Jaewon and Leskovec, Jure},
  title = {Overlapping Community Detection at Scale: A Nonnegative Matrix Factorization Approach},
  booktitle = {Proceedings of the Sixth ACM International Conference on Web Search and Data Mining},
  series = {WSDM '13},
  year = {2013},
  location = {Rome, Italy},
  pages = {587-596},
  numpages = {10},
  acmid = {2433471},
  publisher = {ACM},
  address = {New York, NY, USA},
}

@article{Hochreiter2010,
  author = {Hochreiter, Sepp and Bodenhofer, Ulrich and Heusel, Martin and Mayr, Andreas and Mitterecker, Andreas and Kasim, Adetayo and Khamiakova, Tatsiana and Sanden, Suzy Van and 0004, Dan Lin and Talloen, Willem and Bijnens, Luc and Göhlmann, Hinrich W. H. and Shkedy, Ziv and Clevert, Djork-Arné},
  journal = {Bioinformatics},
  keywords = {dblp},
  number = 12,
  pages = {1520-1527},
  timestamp = {2012-09-02T00:00:00.000+0200},
  title = {FABIA: factor analysis for bicluster acquisition.},
  volume = 26,
  year = 2010
}

@article{Santamaria2007,
  author={Santamaría, R. and Miguel, L.A. and Therón, R.},
  title={Methods to bicluster validation and comparison in microarray data},
  journal={Lecture Notes in Computer Science: Proceedings of IDEAL'07},
  year={2007},
  volume={4881},
  pages={780-789},
}

@article{Prelic2006,
  author = {Preli\'{C}, Amela and Bleuler, Stefan and Zimmermann, Philip and Wille, Anja and B\"{u}hlmann, Peter and Gruissem, Wilhelm and Hennig, Lars and Thiele, Lothar and Zitzler, Eckart},
  title = {A Systematic Comparison and Evaluation of Biclustering Methods for Gene Expression Data},
  journal = {Bioinformatics},
  issue_date = {May 2006},
  volume = {22},
  number = {9},
  month = may,
  year = {2006},
  pages = {1122-1129},
  numpages = {8},
  publisher = {Oxford University Press},
  address = {Oxford, UK},
}

@techreport{Kitchenham2004,
  author = {Kitchenham, Barbara},
  institution = {Departament of Computer Science, Keele University},
  keywords = {imported},
  timestamp = {2009-10-14T21:30:02.000+0200},
  title = {Procedures for Performing Systematic Reviews},
  year = 2004
}

@article{Senecal2004,
  author = {Senecal, S. and Nantel, J.},
  journal = {Journal of Retailing},
  number = {2},
  pages = {159-169},
  priority = {2},
  title = {The influence of online product recommendations on consumers' online choices},
  volume = {80},
  year = {2004}
}

@article{Li2011,
  author = {Li, Lei and Wang, Dingding and Zhu, Shunzhi and Li, Tao},
  journal = {Journal of Computer Science and Technology},
  keywords = {dblp},
  number = 5,
  pages = {754-766},
  timestamp = {2011-11-02T00:00:00.000+0100},
  title = {Personalized News Recommendation: A Review and an Experimental Investigation.},
  volume = 26,
  year = 2011
}

@conference{Capelle2012,
  author = {Capelle, Michel and Frasincar, Flavius and Moerland, Marnix and Hogenboom, Frederik},
  title = {Semantics-based news recommendation},
  booktitle = {Proceedings of the 2nd International Conference on Web Intelligence, Mining and Semantics - WIMS '12},
  year = {2012},
  pages = {1},
  address = {New York, New York, USA},
  publisher = {ACM Press},
  keywords = {Computer applications,Content-based,Cosine similarity,Inverse Document,Recommender systems,Semantic Web},
}
